@inproceedings{Benade2015,
    title = {{A Pro-Forma Design for Car-Carriers : Low-Speed Performance-Based Standards}},
    year = {2015},
    booktitle = {South African Transport Conference},
    author = {Benade, Richardt and Kienh{\"{o}}fer, Frank W. and Berman, Robert and Nordengen, Paul A.},
    pages = {253--265}
}

@article{Chandrasekaran2002,
    title = {{Design Optimization of Heavy Vehicles by Dynamic Simulations}},
    year = {2002},
    journal = {SAE International},
    author = {Chandrasekaran, A. and Rizzoni, G. and Soliman, A. and Josephson, J. and Carroll, M.},
    number = {3061}
}

@unpublished{Prem2001,
    title = {{Comparison of Modelling Systems for Performance-Based Assessments of Heavy Vehicles}},
    year = {2001},
    booktitle = {National Road Transport Commission},
    author = {Prem, Hans and Ramsay, Euan and de Pont, John and McLean, John and Woodrooffe, John},
    keywords = {Computer-Based Modelling, Heavy Vehicles, Performance Based Standards, Performance Measures., Simulation}
}

@article{Dessein2012,
    title = {{Determining the Optimal Performance Based Standards Heavy Vehicle Design}},
    year = {2012},
    journal = {HVTT2},
    author = {Dessein, Thomas and Nordengen, Paul A. and Kienh{\"{o}}fer, Frank W.},
    pages = {1--12}
}

@misc{NationalHeavyVehicleRegulator,
    title = {{PBS Blueprints and Resources | National Heavy Vehicle Regulator}},
    author = {{National Heavy Vehicle Regulator}},
    url = {https://www.nhvr.gov.au/road-access/performance-based-standards/pbs-blueprints-and-resources}
}

@misc{MATHWORKS2015,
    title = {{MATLAB Product Description - MATLAB {\&} Simulink}},
    year = {2015},
    author = {{MATHWORKS{\textregistered}}},
    url = {http://www.mathworks.com/help/matlab/learn_matlab/product-description.html}
}

@misc{MechanicalSimulation2016,
    title = {{TruckSim Overview}},
    year = {2016},
    author = {{Mechanical Simulation{\textregistered}}},
    url = {https://www.carsim.com/products/trucksim/},
    keywords = {ADAS, CarMaker, HIL, IPG, MIL, NI, RT, SIL, TESIS, VeriStand, automotive industry, bikesim, brake model, carsim, driving simulator, dspace, dynamics simulation, mathworks, matlab, modeling, motorcycle simulation, national instruments, real time, scalexio, simulation, simulink, truck simulation, trucksim, vehicle dynamics, vehicle simulation, vehiclesim}
}

@article{Arredondo2012,
    title = {{Innovative and High Productivity Vehicles: The PBS Scheme in Australia from 2007 to 2011}},
    year = {2012},
    journal = {International Symposium on Heavy Vehicle Transport Technology (HVTT12)},
    author = {Arredondo, J.},
    keywords = {CoAG, Freight Transport, HVTT12, Heavy Vehicle, High Productivity Vehicles, Melbourne Australia, National Heavy Vehicle Regulator., National Transport Commission, PBS, Performance Based Standards}
}

@techreport{Pont2010,
    title = {{The Development of Pro-Forma Over-dimension Vehicle Parameters}},
    year = {2010},
    booktitle = {TERNZ},
    author = {Pont, John de},
    number = {April},
    pages = {1--14},
    keywords = {The development of Pro-forma Over-dimension Vehicl}
}

@techreport{Fancher1986,
    title = {{A Factbook of the Mechanical Properties of the Components for Single-Unit and Articulated Heavy Trucks (UMTRI-86-12)}},
    year = {1986},
    author = {Fancher, Paul S. and Ervin, Robert D. and Winkler, Christopher B. and Gillespie, Thomas D.},
    number = {December},
    institution = {The University of Michigan: Transportation Research Institute}
}

@book{Gillespie1992,
    title = {{Fundamentals of Vehicle Dynamics}},
    year = {1992},
    booktitle = {Society of Automotive Engineers},
    author = {Gillespie, Thomas D.},
    pages = {519},
    volume = {400},
    isbn = {1560911999},
    doi = {10.4271/R-114},
    pmid = {1072255}
}

@techreport{Fancher1987,
    title = {{A Vehicle Dynamics Handbook for Single-Unit and Articulated Heavy Trucks (UMTRI-87-27)}},
    year = {1987},
    author = {Fancher, Paul S. and Arvind, Mathew},
    institution = {The University of Michigan: Transportation Research Institute}
}

@phdthesis{DeSaxe2012,
    title = {{Performance-Based Standards for South African Car-Carriers}},
    year = {2012},
    author = {de Saxe, Christopher C.},
    school = {University of the Witwatersrand}
}

@article{Oberoi2011,
    title = {{Enhancing roll stability and directional performance of articulated heavy vehicles based on anti-roll control and design optimization.}},
    year = {2011},
    author = {Oberoi, Dhruv},
    pages = {113},
    url = {https://ir.library.dc-uoit.ca/handle/10155/215}
}

@techreport{NationalTransportCommission2008,
    title = {{Performance Based Standards Scheme - The Standards and Vehicle Assessment-Rules}},
    year = {2008},
    author = {{National Transport Commission}},
    number = {November},
    pages = {180},
    volume = {2008}
}

@techreport{Winkler2011,
    title = {{Mechanics of Heavy Duty Truck Systems}},
    year = {2011},
    author = {Winkler, Christopher B. and Gillespie, Thomas D. and Karamihas, Steve},
    publisher = {UMTRI}
}

@article{Heydinger1999,
    title = {{Measured Vehicle Inertial Parameters - NHTSA’s Data Through November 1998}},
    year = {1999},
    journal = {SAE International},
    author = {Heydinger, Gary J and Bixel, Ronald a and Garrott, W Riley and Pyne, Michael and Howe, J Gavin and Guenther, Dennis A.}
}

@article{Jujnovich2002,
    title = {{Comparative Performance of Semi-trailer Steering Systems}},
    year = {2002},
    journal = {HVTT7},
    author = {Jujnovich, Brian and Cebon, David}
}

@misc{Abelson2001,
    title = {{Modern Trucking Techniques : Land Line Magazine}},
    year = {2001},
    booktitle = {Landlinemag.com},
    author = {Abelson, Paul},
    url = {http://www.landlinemag.com/Magazine/2001/June/Features/modern-techniques.aspx}
}

@techreport{SAEInternational1999,
    title = {{Surface Vehicle Standard: Clutch Application Powertrain Startability Rating Requirements for Truck and Bus Applications}},
    year = {1999},
    author = {{SAE International}},
    institution = {SAE International}
}

@techreport{Prem2002,
    title = {{Performance Characteristics of the Australian Heavy Vehicle Fleet (Performance Based Standards – NRTC/Austroads Project A3 and A4), Working Paper – February 2002}},
    year = {2002},
    booktitle = {National Road Transport Commission},
    author = {Prem, Hans and Pont, John de and Pearson, Bob and McLean, John}
}

@techreport{Nordengen2008,
    title = {{OECD Report: South Africa Truck Descriptions}},
    year = {2008},
    author = {Nordengen, Paul A.},
    number = {April},
    pages = {1--3},
    institution = {Joint Transport Research Centre}
}

@book{Soong2004,
    title = {{Fundamentals of Probability and Statistics for Engineers}},
    year = {2004},
    booktitle = {Wiley},
    author = {Soong, T. T.},
    pages = {81},
    publisher = {John Wiley {\&} Sons, Ltd},
    isbn = {0470868139}
}

@inproceedings{Nordengen2014,
    title = {{Vehicle Safety Performance Improvements using a Performance-Based Standards Approach: Four Case Studies}},
    year = {2014},
    booktitle = {HVTT 13},
    author = {Nordengen, Paul A. and Kienh{\"{o}}fer, Frank W. and de Saxe, Christopher C.},
    url = {http://www.christopherdesaxe.com/publications/2014_HVTT13.pdf},
    keywords = {()}
}

@article{Kienhofer2014,
    title = {{Maximum of Difference Assessment of Typical Semitrailers: A Global Study}},
    year = {2016},
    author = {Kienh{\"{o}}fer, Frank W. and Berman, Robert and Deiss, Jarryd Andre and Nordengen, Paul A.}
}

@inproceedings{Nordengen2018,
    title = {{Improving Heavy Vehicle Safety and Road Transport Efficiency: A Performance-Based Standards Approach in South Africa}},
    year = {2018},
    booktitle = {Proceedings of 7th Transport Research Arena TRA 2018},
    author = {Nordengen, Paul A. and de Saxe, Christopher C. and Berman, Robert and Steenkamp, Anton and Deiss, Jarryd Andre},
    pages = {1--8}
}

@techreport{Harwood2003,
    title = {{Review of Truck Characteristics as Factors in Roadway Design}},
    year = {2003},
    author = {Harwood, Douglas D. and Torbic, Darren J. and Richard, Karen R. and Glauz, William D. and Elefteriadou, Lily},
    institution = {Transportation Research Board of the National Academies}
}

@article{Grote2017,
    title = {{Beyond the Hype}},
    year = {2017},
    journal = {Global Trailer Issue 32},
    author = {Grote, Sebastian},
    pages = {45--47},
    url = {www.globaltrailermag.com}
}

@techreport{Winkler1995,
    title = {{Parameter measurement of a highway tractor and semitrailer (UMTRI-95-47)}},
    year = {1995},
    author = {{Wink} and Bogard, Scott and Karamihas, Steve},
    institution = {University of Michigan Transportation Research Institute}
}

@misc{MercedesBenzAtego2015,
    title = {{Atego - Specifications}},
    year = {2015},
    author = {{Mercedes Benz}},
    url = {https://www.mercedes-benz.co.za/content/media_library/south_africa/mpc/trucks_ng/atego_specs_brochure.object-Single-MEDIA.download.tmp/Atego+Spec+Brochure.pdf}
}

@techreport{Ervin1986,
    title = {{The Influence of Weights and Dimensions on the Stability and Control of Heavy Duty Trucks in Canada Final Report Volume I - Technical Report (UMTRI-86-35/I)}},
    year = {1986},
    booktitle = {Umtri-86-35/I},
    author = {Ervin, RD and Guy, Yoram},
    pages = {296},
    volume = {I},
    issn = {1553-6467},
    pmid = {21436911}
}

@book{Giancarlo1997,
    title = {{Motor Vehicle Dynamics: Modelling And Simulation}},
    year = {1997},
    author = {Giancarlo, Genta},
    publisher = {World Scientific Publishing Company},
    url = {https://books.google.co.za/books?id=5wftCgAAQBAJ},
    isbn = {9789814497992}
}

@article{Fu2002,
    title = {{Analysis of a Truck Suspension Database}},
    year = {2002},
    journal = {International Journal of Heavy Vehicle Systems},
    author = {Fu, T T and Cebon, David},
    number = {4},
    pages = {281--297},
    volume = {9},
    doi = {10.1504/IJHVS.2002.001180},
    issn = {1744-232X},
    keywords = {dynamic tyre forces, ride comfort, rollover stability, suspension design}
}

@techreport{NationalDepartmentofTransport2003,
    title = {{National Road Traffic Act No. 93 of 1996 (as updated to the National Road Traffic Amendment Act, No. 20 of 2003 and Government Gazzette 25541, 2003)}},
    year = {2003},
    author = {{National Department of Transport Republic of South Africa}}
}

@incollection{Michelin,
    title = {{Michelin Technical Databook: Technical Information for Michelin Commercial Vehicle Tyres (21st Edition)}},
    author = {{Michelin}},
    edition = {21}
}

@misc{TERNZTransportResearch,
    title = {{Data Input Required for SRT Calculation}},
    author = {{TERNZ Transport Research}},
    url = {http://www.dier.tas.gov.au/__srt/mainhelp.html}
}

@article{Bogard1991,
    title = {{Lateral Performance Measurements of Wide-base Truck Tires}},
    year = {1991},
    author = {Bogard, S and Winkler, Christopher B.}
}

@article{VolvoTruckCorporation2012,
    title = {{Fact Sheet: Rear Axle Installation RADD-GR}},
    year = {2012},
    author = {{Volvo Truck Corporation}},
    url = {http://segotn12827.rds.volvo.com/STPIFiles/Volvo/FactSheet/RADD-GR_Eng_01_1283231.pdf},
    isbn = {9279020447}
}

@misc{BPW2010,
    title = {{BPW Rigid Axles Catalogue}},
    year = {2010},
    author = {{BPW}}
}

@misc{VolvoTruckCorporation2017FH42T3LA,
    title = {{Model Range: FH 42 Tractor Low Full Air FH42T3LA}},
    year = {2017},
    author = {{Volvo Truck Corporation}},
    url = {http://segotn12827.rds.volvo.com/STPIFiles/Volvo/ModelRange/fh42t3la_isr_engvt.pdf}
}

@article{VolvoTruckCorporation2018FM64T3HBX,
    title = {{Model Range: FMX13 6x4 Tractor - High B Ride - N3 Cranked Front Axle for on Road Work FM 64}},
    year = {2018},
    author = {{Volvo Truck Corporation}}
}

@misc{ScaniaG4404806x4,
    title = {{G 440/480 6x4 Prime Mover Chassis Specification}},
    author = {{Scania}},
    url = {https://www.scania.com/content/dam/scanianoe/market/au/products-and-services/trucks/specification-documents/SCA0422G440_480(6x4)SpecSheet_SAU2016-8-G440_G480_6x4_WEB.pdf}
}

@misc{DAFXF105.4602017,
    title = {{Specification Sheet: The DAF XF105.460}},
    year = {2017},
    author = {{DAF}}
}

@misc{Goodyear,
    title = {{Truck Tires Technical Data Book}},
    year = {2012},
    author = {{Goodyear}}
}

@misc{Bridgestone2015,
    title = {{Truck Tire Data book}},
    year = {2015},
    author = {{Bridgestone}}
}

@misc{StatutesRegulations,
    title = {{Commercial Transport Regulations (includes amendments up to B.C. Reg. 156/2011, September 9, 2011)}},
    year = {2011},
    author = {{Statutes Regulations Bills and Gazette of British Columbia}},
    url = {http://www.bclaws.ca/civix/document/id/loo90/loo90/30_78#section7.24}
}

@techreport{Fancher1981,
    title = {{Measurements of the Longitudinal and Lateral Traction Properties of Truck Tires (UM-HSRI-81-19-3)}},
    year = {1981},
    author = {Fancher, Paul S.},
    number = {Final Report},
    volume = {3-I},
    url = {http://deepblue.lib.umich.edu/bitstream/2027.42/402/2/46680.0001.001.pdf},
    institution = {UMTRI}
}

@article{Winkler1983,
    title = {{Inertial Properties of Commercial Vehicles: (UM-HSRI-81-19-2)}},
    year = {1983},
    author = {Winkler, Christopher B.},
    number = {April},
    volume = {2}
}

@article{Berman2015,
    title = {{Autonomous Prediction of Performance-based Standards for Heavy Vehicles}},
    year = {2015},
    journal = {Proceedings of the 2015 Pattern Recognition Association of South Africa and Robotics and Mechatronics International Conference, PRASA-RobMech 2015},
    author = {Berman, Robert and Benade, Richardt and Rosman, Benjamin},
    pages = {184--188},
    isbn = {9781467374507},
    doi = {10.1109/RoboMech.2015.7359520},
    keywords = {Heavy vehicle performance, Performance-based standards, Regression, Support vector machines, Vehicle safety}
}

@techreport{MechanicalSimulationHelpFileDriverControls2017,
    title = {{Mechanical Simulation{\textregistered} Help File: CarSim and TruckSim Driver Controls}},
    year = {2017},
    author = {{Mechanical Simulation{\textregistered}}},
    number = {January}
}

@techreport{MechanicalSimulationTechMemoPBS2017,
    title = {{Mechanical Simulation{\textregistered} Technical Memo: PBS Safety Standard Testing Using TruckSim}},
    year = {2017},
    author = {{Mechanical Simulation{\textregistered}}},
    number = {September}
}

@article{AbnormalLoadTechnicalCommittee2014,
    title = {{Roadmap for the Regulation of Car Carriers in South Africa}},
    year = {2014},
    author = {{Abnormal Load Technical Committee}},
    number = {March},
    pages = {2014},
    volume = {81}
}

@misc{ThyssenkruppAerospace,
    title = {{Weight Calculations - Steel Sheet {\&} Plate - Thyssenkrupp Aerospace}},
    author = {{Thyssenkrupp Aerospace}},
    url = {http://www.thyssenkruppaerospace.com/materials/steel/steel-sheet-plate/weight-calculations.html}
}

@inproceedings{Berman2016,
    title = {{Hyperformance: Predicting High-speed Performance of a B-double}},
    year = {2016},
    booktitle = {HVTT14},
    author = {Berman, R. J. and Benade, R. and Rosman, B. and Nordengen, P. A.},
    url = {http://researchspace.csir.co.za/dspace/bitstream/handle/10204/9237/Berman_18206_2016.pdf?sequence=1&isAllowed=y}
}

@article{Bakker1989,
    title = {{A New Tire Model with an Application in Vehicle Dynamics Studies}},
    year = {1989},
    journal = {Journal of Passenger Cars},
    author = {Bakker, Egbert and Pacejka, Hans B. and Lidner, Lars},
    pages = {101--113},
    volume = {98},
    doi = {10.4271/890087},
    issn = {0148-7191}
}

@article{deSaxe2012TailFleet,
    title = {{Tail swing performance of the South African car-carrier fleet}},
    year = {2012},
    journal = {12th International Symposium on Heavy Vehicle Transport Technology},
    author = {de Saxe, Christopher C. and Kienh{\"{o}}fer, Frank W. and Nordengen, Paul A.},
    pages = {1--10},
    keywords = {Car-Carriers, Performance-Based Standards, South African Heavy Vehicle Legislation, Tail Swing, Vehicle Dimensions}
}

@inproceedings{Nordengen2008AnAfrica,
    title = {{An Initiative to Introduce a Performance Based Standards (PBS) Approach for Heavy Vehicle Design and Operations In South Africa}},
    year = {2008},
    booktitle = {International symposium on Heavy Vehicle Transport Technologies (HVTT10)},
    author = {Nordengen, Paul A. and Prem, Hans and Mai, L.},
    pages = {61--70},
    isbn = {9780874216561},
    doi = {10.1007/s13398-014-0173-7.2},
    issn = {0717-6163},
    pmid = {15003161},
    arxivId = {arXiv:1011.1669v3}
}

@book{Mitchell1996AnAlgorithms,
    title = {{An Introduction to Genetic Algorithms}},
    year = {1996},
    author = {Mitchell, Melanie},
    publisher = {A Bradford Book The MIT Press},
    isbn = {0-262-13316-4},
    doi = {10.1016/S0898-1221(96)90227-8},
    issn = {08981221}
}

@book{Blundell2004TheDynamics,
    title = {{The Multibody Systems Approach to Vehicle Dynamics}},
    year = {2004},
    author = {Blundell, Michael and Harty, Damian},
    publisher = {Elsevier},
    isbn = {0750651121}
}

@article{Brach1991VehicleMicrocomputer,
    title = {{Vehicle Dynamics Model for Simulation on a Microcomputer}},
    year = {1991},
    journal = {International Journal of Vehicle Design},
    author = {Brach, R. M.},
    number = {04},
    pages = {404--419},
    volume = {12},
    url = {https://www.brachengineering.com/content/publications/IntJVehDes-1991-Ray-Brach.pdf}
}

@book{Cox2000TheExperiments,
    title = {{The Theory of the Design of Experiments}},
    year = {2000},
    booktitle = {Chapman {\&} Hall/CRC},
    author = {Cox, D. R. and Reid, N.}
}

@article{Duprey2012UsingPBS,
    title = {{Using TruckSim to Test Performance Based Standards (PBS)}},
    year = {2012},
    journal = {SAE International},
    author = {Duprey, Benjamin and Sayers, Michael and Gillespie, Thomas D.},
    number = {1919},
    volume = {01},
    url = {http://www.sae.org/technical/papers/2012-01-1919},
    doi = {10.4271/2012-01-1919}
}

@article{Duprey2013SimulationTime,
    title = {{Simulation of the Performance Based Standards (PBS) Low-Speed 90{${}^\circ$} Turn Test in TruckSim by Jumping Back in Time}},
    year = {2013},
    journal = {SAE International},
    author = {Duprey, Benjamin and Sayers, Michael and Gillespie, Thomas D.},
    number = {2374},
    volume = {01},
    url = {http://papers.sae.org/2013-01-2374/},
    doi = {10.4271/2013-01-2374}
}

@techreport{InternationalStandardISO2000RoadMethods,
    title = {{Road Vehicles - Heavy Commercial Vehicle Combinations and Articulated Buses - Lateral Stability Test Methods}},
    year = {2000},
    booktitle = {ISO 14791},
    author = {{International Standard (ISO)}},
    institution = {International Standard (ISO)},
    isbn = {9782832205181},
    doi = {10.5594/J09750},
    issn = {1545-0279}
}

@article{Glaeser2004CitiesCosts,
    title = {{Cities, regions and the decline of transport costs}},
    year = {2004},
    journal = {Papers in Regional Science},
    author = {Glaeser, Edward L. and Kohlhase, Janet E.},
    number = {1},
    pages = {197--228},
    volume = {83},
    isbn = {1056-8190},
    doi = {10.1007/s10110-003-0183-x},
    issn = {10568190},
    pmid = {377336106},
    keywords = {Concentration and decentralisation, Congestion, Density, Growth of cities and regions, Productivity, Spatial distribution of economic activity, Transport costs}
}

@article{Elischer1998StabilityPrediction,
    title = {{Stability of Over-Height Low-Density Freight Vehicles and Its Prediction}},
    year = {1998},
    journal = {5th International Symposium on Heavy Vehicle Weights and Dimensions},
    author = {Elischer, Matt and Prem, Hans},
    pages = {147--160}
}

@article{Kural2013ValidationModels,
    title = {{Validation of Longer and Heavier Vehicle Combination Simulation Models}},
    year = {2013},
    journal = {SAE International Journal of Commercial Vehicles},
    author = {Kural, Karel and Prati, Alberto and Besselink, Igo and Pauwelussen, Joop and Nijmeijer, Henk},
    number = {2369},
    pages = {340--352},
    volume = {01},
    url = {http://www.scopus.com/inward/record.url?eid=2-s2.0-84886609870&partnerID=tZOtx3y1},
    doi = {10.4271/2013-01-2369},
    issn = {1946-3928}
}

@article{Milich2001AManeuvers,
    title = {{A Validation Study of Vehicle Dynamics Simulations for Heavy Truck Handling Maneuvers}},
    year = {2001},
    journal = {SAE International},
    author = {Milich, Edward P. and Fife, Neil F. and Guenther, Dennis A.},
    number = {0139},
    volume = {01}
}

@article{Nie2013ParametersVehicles,
    title = {{Parameters Identification for Simplified Model of Articulated Heavy Vehicles}},
    year = {2013},
    journal = {SAE International},
    author = {Nie, Zhigen and Zong, Changfu},
    number = {2896},
    volume = {01},
    url = {http://papers.sae.org/2013-01-2896/},
    isbn = {2013012896},
    doi = {10.4271/2013-01-2896}
}

@techreport{Hathaway2000MechanicalDesign,
    title = {{Mechanical Engineering Vehicle Design}},
    year = {2000},
    booktitle = {SAE International},
    author = {Hathaway, Richard B},
    url = {http://users.telenet.be/AudiR8/Sae-Mechanical Engineering - Vehicle Design.pdf},
    institution = {SAE International}
}

@article{Salem1999ReviewTankers,
    title = {{Review of Parameters Affecting Stability of Partially Filled Heavy-Duty Tankers}},
    year = {1999},
    journal = {SAE International},
    author = {Salem, Mohamed I. and Mucino, Victor H. and Gautam, Mridul and Aquaro, Matthew},
    number = {3709},
    volume = {01}
}

@phdthesis{Singh2013StabilityCombinations,
    title = {{Stability Comparison of Rigid Body Vehicle 3-Axle and 4-Axle Drawbar Tanker Combinations}},
    year = {2013},
    author = {Singh, Nikheil},
    school = {University of the Witwatersrand},
    address = {Johannesburg}
}

@book{Jornsen2002ThePrinciples,
    title = {{The Automative Chassis: Engineering Principles}},
    year = {2002},
    author = {J{\"{o}}rnsen, Reimpell and Stoll, Helmut and Betzler, Jürgen},
    edition = {Second},
    publisher = {Society of Automotive Engineers, Inc.},
    isbn = {0 7680 0657 0}
}

@article{Besselink1994NumericalVehicles,
    title = {{Numerical Optimization of the Linear Dynamic Behaviour of Commercial Vehicles}},
    year = {1994},
    journal = {Vehicle System Dynamics: International Journal of Vehicle Mechanics and Mobility},
    author = {Besselink, Igo and Van Asperen, F.},
    number = {August 2012},
    pages = {53--70},
    volume = {23:1},
    isbn = {0042311810},
    doi = {http://dx.doi.org/10.1080/00423119308969028}
}

@article{Yang2015Handling-StabilityVehicle,
    title = {{Handling-Stability Oriented Parameter Optimization for a Tractor Semi-Trailer Vehicle}},
    year = {2015},
    journal = {SAE International},
    author = {Yang, Xiujian and Zhu, Ruocheng and Gao, Jin},
    number = {2753},
    volume = {01},
    doi = {10.4271/2015-01-2753}
}

@techreport{Winkler1981SteeringUM-HSRI-81-19-4,
    title = {{Steering and Suspension Systems (UM-HSRI-81-19-4)}},
    year = {1981},
    author = {Winkler, Christopher B. and Fancher, Paul S.},
    pages = {180},
    institution = {UMTRI}
}

@techreport{Fancher1981PropertiesUM-HSRI-81-19-5,
    title = {{Properties of Antilock Systems (UM-HSRI-81-19-5)}},
    year = {1981},
    author = {Fancher, Paul S. and MacAdam, C. C.},
    volume = {5},
    institution = {UMTRI}
}

@techreport{LandTransportRuleLand2002,
    title = {{Land Transport Rule : Vehicle Dimensions and Mass 2002}},
    author = {{Land Transport Rule}},
    pages = {1--54}
}

@techreport{Benade2015ADesign,
    title = {{A Pro-Forma Approach to Car-Carrier Design}},
    year = {2015},
    booktitle = {University of the Witwatersrand},
    author = {Benade, Richardt}
}

@article{Drive2012AutomatingOverview,
    title = {{Automating Runs with the VS API Running a VS Solver : Overview}},
    year = {2012},
    author = {Drive, Phoenix and Mi, Ann Arbor},
    number = {January},
    pages = {1--8}
}

@article{CarSimTheSolver,
    title = {{The VehicleSim API Running and Extending VS Solver}},
    author = {{CarSim}}
}

@article{SimulationExtendingAPI,
    title = {{Extending VS Math Models with VS Commands and the VS API}},
    author = {Simulation, Mechanical and Memo, Technical},
    number = {June 2011},
    pages = {1--26}
}

@article{CarSim2011VSManual,
    title = {{VS Solver Programs - Reference Manual}},
    year = {2011},
    author = {{CarSim}}
}

@article{P.A.SelfPractice,
    title = {{Self Steering Axles: Theory and Practice}},
    author = {P.A., LeBlank and M., El-Gindy and J.H.F, Woodrooffe},
    publisher = {SAE Technical Paper Series}
}

@article{Junior2010SimulatingGrade,
    title = {{Simulating and Correlation of Vehicle Startability on Grade}},
    year = {2010},
    journal = {SAE Technical Paper Series},
    author = {Junior, Jacob Ferezini},
    number = {0325},
    pages = {0--16},
    volume = {36}
}

@article{Agarwal2013MachineIntroduction,
    title = {{Machine Learning : A very quick introduction}},
    year = {2013},
    author = {Agarwal, Sumeet},
    pages = {1--6}
}

@article{Domingos2012ALearning,
    title = {{A few useful things to know about machine learning}},
    year = {2012},
    journal = {Communications of the ACM},
    author = {Domingos, Pedro},
    isbn = {0001-0782},
    doi = {10.1145/2347736.2347755},
    issn = {00010782},
    pmid = {1000183096},
    arxivId = {cs/9605103}
}

@article{MarineTheEnvironment,
    title = {{The Future of Trucks - Implications for Energy and the Environment}},
    author = {Marine, Gorner},
    url = {https://www.iea.org/publications/freepublications/publication/TheFutureofTrucksImplicationsforEnergyandtheEnvironment.pdf},
    keywords = {Clean energy technologies, Climate change, Energy efficiency, Heavy-duty vehicle fuel economy standards, Hevay-duty vehicle efficiency technologies, Oil, Road freight sector, Systemic improvements in logistics and supply chai, Transport}
}

@article{Isiklar2007SimulationManoeuvres,
    title = {{Simulation of complex articulated commercial vehicles for different driving manoeuvres}},
    year = {2007},
    author = {Isiklar, G and Besselink, Igo and Nijmeijer, Henk},
    url = {http://www.mate.tue.nl/mate/pdfs/8505.pdf}
}

@article{PbPBSLIMITATIONS,
    title = {{PBS VEHICLES IN THE SOUTH AFRICAN SUGAR INDUSTRY: OPPORTUNITIES AND LIMITATIONS}},
    author = {Pb, Tweddle and Pwl, Lyne},
    url = {https://www.sasta.co.za/wp-content/uploads/Proceedings/2010s/2017/2017%20Tweddle%20PB%20and%20Lyne%20PWL.refereed%20paper.PBS%20VEHICLES%20IN%20THE%20SOUTH%20AFRICAN%20SUGAR%20INDUSTRY%20OPPORTUNITIES%20AND%20LIMITATIONS.pdf},
    keywords = {PBS, RTMS, Smart Trucks, feasibility, mill yards, sugarcane, transport}
}

@misc{RTMS-SAWhatAfrica,
    title = {{What is RTMS? | RTMS - South Africa}},
    author = {{RTMS-SA}},
    url = {https://rtms-sa.org/whatisrtms}
}

@article{Hassall2016WhatFleet,
    title = {{What are the Safety Benefits of Australian High Productivity Vehicles when Compared to the Conventional Heavy Vehicle Fleet?}},
    year = {2016},
    journal = {Transportation Research Procedia},
    author = {Hassall, Kim},
    month = {1},
    pages = {874--885},
    volume = {12},
    publisher = {Elsevier},
    url = {https://www.sciencedirect.com/science/article/pii/S2352146516000417},
    doi = {10.1016/J.TRPRO.2016.02.040},
    issn = {2352-1465}
}

@book{DixonSuspensionComputation,
    title = {{Suspension Geometry and Computation}},
    author = {Dixon, John C.},
    publisher = {Wiley},
    isbn = {9780470510216}
}

@book{Clark1979ATires,
    title = {{A Handbook for The Rolling Resistance of Pneumatic Tires}},
    year = {1979},
    author = {Clark, S. K. and Dodge, R. N.},
    publisher = {Industrial Development Division Institute of Science and Technology, The University of Michigan},
    url = {http://www.mchenrysoftware.com/forum/UMRollingResistance.pdf}
}

@article{Glass2001ExperimentalTrucks,
    title = {{Experimental Evaluation of a Trailing-Arm Suspension for Heavy Trucks}},
    year = {2001},
    author = {Glass, Jeffrey L and {Mehdi} and Chairman, Ahmadian and Inman, Daniel J and Leo, Donald J},
    url = {https://pdfs.semanticscholar.org/2c9f/3389a25678dfc34e6716a1ab4df2b12c5bc3.pdf},
    keywords = {Dynamic, Heavy Truck, Kinematics, Ride, Test Analysis, Trailing-Arm Suspension}
}

@article{TractorLimits,
    title = {{Tractor Semi-trailer Part 1 -Dimension Limits}},
    url = {http://www.transportation.alberta.ca/Content/docType281/production/Tractor-semi-trailer.pdf}
}

@phdthesis{Tomar2015EstimationMethod,
    title = {{Estimation of Steady State Rollover Threshold for High Capacity Transport Vehicles using RCV Calculation Method}},
    year = {2015},
    author = {Tomar, Abhishek Singh},
    url = {http://publications.lib.chalmers.se/records/fulltext/230725/230725.pdf},
    school = {Chalmers}
}

@techreport{TransportforNSW2012VehicleInformation,
    title = {{Vehicle Standards Information}},
    year = {2012},
    author = {{Transport for NSW}},
    url = {https://nacto.org/docs/usdg/vehicle_standards_information_nsw.pdf},
    institution = {Transport for NSW},
    address = {North America}
}

@article{SakaiTheBehaviour,
    title = {{The impact of roll center height on vehicle dynamic behaviour}},
    journal = {Elsevier},
    author = {Sakai, Hideki and Satoh, Yukiharu},
    url = {https://ac.els-cdn.com/0389430494902151/1-s2.0-0389430494902151-main.pdf?_tid=f1bc5ac8-23f5-44d8-8f80-b9dd63abe7e4&acdnat=1521422468_f8ca2d5a062130d4f2e1359b2285f844}
}

@inproceedings{deSaxe2013AAfrica,
    title = {{A performance-based standards regime to regulate car-carriers in South Africa}},
    year = {2013},
    booktitle = {32nd South African Transport Conference},
    author = {de Saxe, Christopher C. and Nordengen, Paul A. and Kienh{\"{o}}fer, Frank W.},
    volume = {11},
    organization = {University of the Witwatersrand {\&} CSIR},
    isbn = {9781920017620}
}

@techreport{Ervin1986TheUMTRI-86-35/III,
    title = {{The Influence of Weights and Dimensions on the Stability and Control of Heavy Duty Trucks in Canada Final Report Volume III -Appendices C-F (UMTRI-86-35/III)}},
    year = {1986},
    booktitle = {The University of Michigan Transportation Research Institute},
    author = {Ervin, Robert D and Guy, Yoram},
    volume = {I},
    issn = {1553-6467},
    pmid = {21436911}
}

@article{Woodrooffe2010SafetyAnalysis,
    title = {{Safety, Productivity, Infrastructure Wear, Fuel Use and Emissions Assessment of the International Truck Fleet A Comparative Analysis}},
    year = {2010},
    author = {Woodrooffe, John and Bereni, Matthieu and Germanchev, Anthony and Eady, Peter and Glaeser, Klaus-Peter and Jacob, Bernard and Nordengen, Paul A.},
    number = {August 2010}
}

@article{Thorogood2009PerformanceThesis,
    title = {{Performance based analysis of current South African semi trailer and B-double trailer designs (MSc thesis)}},
    year = {2009},
    author = {Thorogood, Rhys L},
    number = {December}
}

@phdthesis{Deiss2018RelativeThesis,
    title = {{Relative Influence of High Capacity Vehicle Design Parameters (Unpublished master's thesis)}},
    year = {2018},
    author = {Deiss, Jarryd Andre},
    school = {University of the Witwatersrand}
}