@article{NationalTransportCommission2008,
author = {{National Transport Commission}},
title = {{Performance Based Standards Scheme - The Standards and Vehicle Assessment-Rules}},
journal = {Australia: National Transport Commission},
year = {2008}
}

@article{Arredondo2012,
author = {Arredondo, J.},
journal = {International Symposium on Heavy Vehicle Transport Technology (HVTT12)},
keywords = {CoAG,Freight Transport,HVTT12,Heavy Vehicle,High Productivity Vehicles,Melbourne Australia,National Heavy Vehicle Regulator.,National Transport Commission,PBS,Performance Based Standards},
title = {{Innovative and High Productivity Vehicles: The PBS Scheme in Australia from 2007 to 2011}},
year = {2012}
}

@article{Oberoi2011,
author = {Oberoi, Dhruv},
title = {{Enhancing roll stability and directional performance of articulated heavy vehicles based on anti-roll control and design optimization.}},
url = {http://bit.ly/2F7pxnw},
year = {2011}
}

@misc{MechanicalSimulation2016,
author = {{Mechanical Simulation{\textregistered}}},
title = {{TruckSim Overview}},
url = {http://bit.ly/2sZ7P0F},
urldate = {2016-02-01},
year = {2016}
}


@misc{MATHWORKS2015,
author = {MATHWORKS{\textregistered}},
title = {{MATLAB Product Description - MATLAB {\&} Simulink}},
url = {http://bit.ly/2t8oNtN},
urldate = {2016-02-01},
year = {2015}
}


@article{Chandrasekaran2002,
author = {Chandrasekaran, A. and Rizzoni, G. and Soliman, A. and Josephson, J. and Carroll, M.},
journal = {SAE International},
number = {3061},
title = {{Design Optimization of Heavy Vehicles by Dynamic Simulations}},
year = {2002}
}

@techreport{Pont2010,
author = {de Pont, John},
booktitle = {TERNZ},
keywords = {The development of Pro-forma Over-dimension Vehicl},
number = {April},
pages = {1--14},
title = {{The Development of Pro-Forma Over-dimension Vehicle Parameters}},
year = {2010}
}

@inproceedings{Benade2015,
author = {Benade, R. and Kienh{\"{o}}fer, Frank W. and Berman, R. and Nordengen, Paul A.},
booktitle = {South African Transport Conference},
pages = {253--265},
title = {{A Pro-Forma Design for Car-Carriers : Low-Speed Performance-Based Standards}},
year = {2015}
}

@misc{NationalHeavyVehicleRegulator,
author = {{National Heavy Vehicle Regulator}},
title = {{PBS Blueprints and Resources | National Heavy Vehicle Regulator}},
url = {http://bit.ly/2oBBbwO},
urldate = {2016-01-31}
}

@article{Dessein2012,
author = {Dessein, Thomas and Nordengen, Paul A. and Kienh{\"{o}}fer, Frank W.},
file = {:C$\backslash$:/Mendeley Local/Dessein, Nordengen, Kienh{\"{o}}fer - Determining the Optimal Performance Based Standards Heavy Vehicle Design - 2012.pdf:pdf},
journal = {HVTT2},
pages = {1--12},
title = {{Determining the Optimal Performance Based Standards Heavy Vehicle Design}},
year = {2012}
}

@inproceedings{Nordengen2014,
author = {Nordengen, Paul and Kienh{\"{o}}fer, Frank and {De Saxe}, Christopher},
booktitle = {HVTT 13},
title = {{Vehicle Safety Performance Improvements using a Performance-Based Standards Approach: Four Case Studies}},
url = {http://bit.ly/2BUboYR},
year = {2014}
}

@techreport{Prem2002,
author = {Prem, Hans and de Pont, John and Pearson, Bob and McLean, John},
booktitle = {National Road Transport Commission},
title = {{Performance Characteristics of the Australian Heavy Vehicle Fleet (Performance Based Standards – NRTC/Austroads Project A3 and A4), Working Paper – February 2002}}
}

@techreport{Nordengen2008,
author = {Nordengen, Paul A.},
institution = {Joint Transport Research Centre},
number = {April},
pages = {1--3},
title = {{OECD Report: South Africa Truck Descriptions}},
year = {2008}
}

@book{Soong2004,
author = {Soong, T. T.},
booktitle = {Wiley},
isbn = {0470868139},
issn = {00359254},
pages = {81},
pmid = {25246403},
publisher = {John Wiley {\&} Sons, Ltd},
title = {{Fundamentals of probability and statistics for engineers}},
year = {2004}
}

@unpublished{Prem2001,
author = {Prem, Hans and Ramsay, Euan and de Pont, John and McLean, John and Woodrooffe, John},
booktitle = {National Road Transport Commission},
title = {{Comparison of Modelling Systems for Performance-Based Assessments of Heavy Vehicles}},
year = {2001}
}

@article{Kienhofer2014,
author = {Kienh{\"{o}}fer, Frank W. and Berman, R. and Deiss, Jarryd Andre and Nordengen, Paul A.},
file = {:C$\backslash$:/Mendeley Local/Kienh{\"{o}}fer et al. - Maximum of difference assessment of typical semitrailers a global study - 2014.pdf:pdf},
mendeley-groups = {{\_}My Papers/Co-Authored},
pages = {241--250},
title = {{Maximum of difference assessment of typical semitrailers: a global study}},
year = {2014}
}

@article{Grote2017,
author = {Grote, Sebastian},
journal = {Global Trailer Issue 32},
pages = {45--47},
title = {{Beyond the Hype}},
url = {www.globaltrailermag.com},
year = {2017}
}

@techreport{Fancher1986,
author = {Fancher, Paul S. and Ervin, Robert D. and Winkler, Christopher B. and Gillespie, Thomas D.},
title = {{A Factbook of the Mechanical Properties of the Components for Single-Unit and Articulated Heavy Trucks}},
year = {1986}
}

